@inproceedings{aks2001,
 author = {Ajtai, Mikl\'{o}s and Kumar, Ravi and Sivakumar, D.},
 title = {A Sieve Algorithm for the Shortest Lattice Vector Problem},
 booktitle = {Proceedings of the Thirty-third Annual ACM Symposium on Theory of 
 Computing},
 series = {STOC '01},
 year = {2001},
 isbn = {1-58113-349-9},
 location = {Hersonissos, Greece},
 pages = {601--610},
 numpages = {10},
 url = {http://doi.acm.org/10.1145/380752.380857},
 doi = {10.1145/380752.380857},
 acmid = {380857},
 publisher = {ACM},
 address = {New York, NY, USA},
}

@article{mic07,
 author = {Micciancio, Daniele},
 title = {Generalized Compact Knapsacks, Cyclic Lattices, and Efficient One-Way 
 Functions},
 journal = {Comput. Complex.},
 issue_date = {December  2007},
 volume = {16},
 number = {4},
 month = dec,
 year = {2007},
 issn = {1016-3328},
 pages = {365--411},
 numpages = {47},
 url = {http://dx.doi.org/10.1007/s00037-007-0234-9},
 doi = {10.1007/s00037-007-0234-9},
 acmid = {1341677},
 publisher = {Birkhauser Verlag},
 address = {Basel, Switzerland, Switzerland},
} 


@misc{gpv07,
    author = {Craig Gentry and Chris Peikert and Vinod Vaikuntanathan},
    title = {Trapdoors for Hard Lattices and New Cryptographic Constructions},
    howpublished = {Cryptology ePrint Archive, Report 2007/432},
    year = {2007},
    note = {\url{https://eprint.iacr.org/2007/432}},
}

@misc{kudo16,
    title={Remarks on properties of certain q-ary latttices},
    author={Momonari Kudo},
    year={2016}
}

@misc{mic14,
    title={Lattice Algorithms and Applications},
    author={Daniele Micciancio},
    year={2014},
note={Available at http://cseweb.ucsd.edu/classes/sp14/cse206A-a/index.html}
}

@misc{peikert16,
    title={A Decade of Lattice Cryptography},
    author={Chris Peikert},
    year={2016}
}

@misc{dd18,
    title={Introduction to Lattice Algorithms and Cryptography},
    author={Daniel Dadush and Leo Ducas},
    year={2018},
note={Available at https://homepages.cwi.nl/~dadush/teaching/lattices-2018/}
}