@Article{Kulvait2012,
  author    = {Vojt{\v{e}}ch Kulvait and Josef M{\'{a}}lek and K. R. Rajagopal},
  title     = {Anti-plane stress state of a plate with a V-notch for a new class of elastic solids},
  journal   = {International Journal of Fracture},
  year      = {2012},
  volume    = {179},
  number    = {1-2},
  pages     = {59--73},
  doi       = {10.1007/s10704-012-9772-5},
  publisher = {Springer Nature},
}

@phdthesis{Kulvait2017,
    title    = {Mathematical analysis and computer simulations of deformation of nonlinear elastic bodies in the small strain range.},
    school   = {Charles University, Faculty of mathematics and physics},
    author   = {Kulvait, Vojt\v{e}ch},
    year     = {2017},
    type     = {{PhD} thesis},
}


@article{kulvait2017modeling,
  title={Modeling Gum Metal and other newly developed titanium alloys within a new class of constitutive relations for elastic bodies.},
  author={Kulvait, V and M{\'a}lek, J and Rajagopal, KR},
  journal={Archives of Mechanics},
  volume={69},
  number={3},
  year={2017}
}