@misc{gpv07,
    author = {Craig Gentry and Chris Peikert and Vinod Vaikuntanathan},
    title = {Trapdoors for Hard Lattices and New Cryptographic Constructions},
    howpublished = {Cryptology ePrint Archive, Report 2007/432},
    year = {2007},
    note = {\url{https://eprint.iacr.org/2007/432}},
}

@misc{kudo16,
    title={Remarks on properties of certain q-ary latttices},
    author={Momonari Kudo},
    year={2016}
}

@misc{mic14,
    title={Lattice Algorithms and Applications},
    author={Daniele Micciancio},
    year={2014},
note={Available at http://cseweb.ucsd.edu/classes/sp14/cse206A-a/index.html}
}

@misc{peikert16,
    title={A Decade of Lattice Cryptography},
    author={Chris Peikert},
    year={2016}
}

@misc{dd18,
    title={Introduction to Lattice Algorithms and Cryptography},
    author={Daniel Dadush and Leo Ducas},
    year={2018},
note={Available at https://homepages.cwi.nl/~dadush/teaching/lattices-2018/}
}