@InProceedings{10.1007/978-981-99-8736-8_1,
author="Guimar{\~a}es, Antonio
and Pereira, Hilder V. L.
and van Leeuwen, Barry",
editor="Guo, Jian
and Steinfeld, Ron",
title="Amortized Bootstrapping Revisited: Simpler, Asymptotically-Faster, Implemented",
booktitle="Advances in Cryptology -- ASIACRYPT 2023",
year="2023",
publisher="Springer Nature Singapore",
address="Singapore",
pages="3--35",
isbn="978-981-99-8736-8"
}
