@article{eprint22GBP+,
  title={BASALISC: Flexible Asynchronous Hardware Accelerator for Fully Homomorphic Encryption},
  author={Geelen, Robin and Van Beirendonck, Michiel and Pereira, Hilder VL and Huffman, Brian and McAuley, Tynan and Selfridge, Ben and Wagner, Daniel and Dimou, Georgios and Verbauwhede, Ingrid and Vercauteren, Frederik and others},
  journal={Cryptology ePrint Archive},
  year={2022}
}
