@inproceedings{PKC21:pereira2021,
  title={Bootstrapping fully homomorphic encryption over the integers in less than one second},
  author={Pereira, Hilder Vitor Lima},
  booktitle={{IACR International Conference on Public-Key Cryptography}},
  pages={331--359},
  year={2021},
  organization={Springer}
}
