@InProceedings{AC:BIPPS22,
author = {Charlotte Bonte and Ilia Iliashenko and Jeongeun Park and Hilder V. L. Pereira and Nigel P.  Smart},
title = {{FINAL: Faster FHE instantiated with NTRU and LWE}},
booktitle="Advances in Cryptology -- ASIACRYPT 2022",
year="2022",
publisher="Springer International Publishing",
address="Cham",
}
