@misc{ACISP:ABPS24,
      author = {Robin Jadoul and Axel Mertens and Jeongeun Park and Hilder V. L. Pereira},
      title = {NTRU-based FHE for Larger Key and Message Space},
      howpublished = {Cryptology ePrint Archive, Paper 2024/634},
      year = {2024},
      note = {\url{https://eprint.iacr.org/2024/634}},
      url = {https://eprint.iacr.org/2024/634}
}

