@inproceedings{ACNS2020:Pereira,
  title={Efficient AGCD-based homomorphic encryption for matrix and vector arithmetic},
  author={Pereira, Hilder V. L.},
  booktitle={International Conference on Applied Cryptography and Network Security},
  pages={110--129},
  year={2020},
  organization={Springer}
}
