@article{POPETS22:IIMP22,
  author    = {Ilia Iliashenko and
               Malika Izabach{\`{e}}ne and
               Axel Mertens and
               Hilder V. L. Pereira},
  title     = {Homomorphically counting elements with the same property},
  journal   = {Proceedings on Privacy Enhancing Technologies},
  volume    = {2022},
  number    = {4},
  pages     = {670--683},
  year      = {2022},
  url       = {https://doi.org/10.56553/popets-2022-0127},
  doi       = {10.56553/popets-2022-0127},
}
