@inproceedings{AC19:CoronPereira,
  title={{On Kilianâ€™s Randomization of Multilinear Map Encodings}},
  author={Coron, Jean-S{\'e}bastien and Pereira, Hilder VL},
  booktitle={International Conference on the Theory and Application of Cryptology and Information Security},
  pages={325--355},
  year={2019},
  organization={Springer}
}

