@incollection{SBSeg21:PM,
  author      = "Hilder V. L. Pereira and Eduardo Morais",
  title       = {{Introdução à criptografia completamente homomórfica com implementação em Sage}},
  booktitle   = {{Minicursos do XXI Simpósio Brasileiro de Segurança da Informação e de Sistemas Computacionais}},
  publisher   = {{Sociedade Brasileira de Computação -- SBC}},
  address     = "Porto Alegre, Brazil",
  year        = 2021,
  doi		  = "10.5753/sbc.7165.8",
  pages       = "1-50",
  chapter     = 1,
}
