@inproceedings{CCS22:CDPP,
author = {Cong, Kelong and Das, Debajyoti and Park, Jeongeun and Pereira, Hilder V.L.},
title = {SortingHat: Efficient Private Decision Tree Evaluation via Homomorphic Encryption and Transciphering},
year = {2022},
isbn = {9781450394505},
publisher = {Association for Computing Machinery},
address = {New York, NY, USA},
url = {https://doi.org/10.1145/3548606.3560702},
doi = {10.1145/3548606.3560702},
booktitle = {Proceedings of the 2022 ACM SIGSAC Conference on Computer and Communications Security},
pages = {563â€“577},
numpages = {15},
keywords = {homomorphic encryption, privacy, transciphering, decision tree},
location = {Los Angeles, CA, USA},
series = {CCS '22}
}
