@article{CiC:MPP24,
    author = "MÃ©aux, Pierrick and Park, Jeongeun and Pereira, Hilder V. L.",
    journal = "{IACR} {C}ommunications in {C}ryptology",
    publisher = "{I}nternational {A}ssociation for {C}ryptologic {R}esearch",
    title = "Towards Practical Transciphering for {FHE} with Setup Independent of the Plaintext Space",
    volume = "1",
    number = "1",
    date = "2024-04-09",
    year = "2024",
    issn = "3006-5496",
    doi = "10.62056/anxrxrxqi"
}

