@misc{cryptoeprint:2024/032,
      author = {Shahla Atapoor and Karim Baghery and Hilder V. L. Pereira and Jannik Spiessens},
      title = {Verifiable FHE via Lattice-based SNARKs},
      howpublished = {Cryptology ePrint Archive, Paper 2024/032},
      year = {2024},
      note = {\url{https://eprint.iacr.org/2024/032}},
      url = {https://eprint.iacr.org/2024/032}
}

